%%%%%%%% Terrain Traversability Analysis %%%%%%%%

@article{stavens2012self,
  title={A self-supervised terrain roughness estimator for off-road autonomous driving},
  author={Stavens, David and Thrun, Sebastian},
  journal={arXiv preprint arXiv:1206.6872},
  year={2012}
}

@article{papadakis2013terrain,
  title={Terrain traversability analysis methods for unmanned ground vehicles: A survey},
  author={Papadakis, Panagiotis},
  journal={Engineering Applications of Artificial Intelligence},
  volume={26},
  number={4},
  pages={1373--1385},
  year={2013},
  publisher={Elsevier}
}

%%%%%%%% IRL %%%%%%%%

@inproceedings{ratliff2006maximum,
  title={Maximum margin planning},
  author={Ratliff, Nathan D and Bagnell, J Andrew and Zinkevich, Martin A},
  booktitle={Proceedings of the 23rd international conference on Machine learning},
  pages={729--736},
  year={2006},
  organization={ACM}
}

@inproceedings{boularias2011relative,
  title={Relative Entropy Inverse Reinforcement Learning.},
  author={Boularias, Abdeslam and Kober, Jens and Peters, Jan},
  booktitle={AISTATS},
  pages={182--189},
  year={2011}
}

@inproceedings{klein2012inverse,
  title={Inverse reinforcement learning through structured classification},
  author={Klein, Edouard and Geist, Matthieu and Piot, Bilal and Pietquin, Olivier},
  booktitle={Advances in Neural Information Processing Systems},
  pages={1007--1015},
  year={2012}
}

@inproceedings{levine2011nonlinear,
  title={Nonlinear inverse reinforcement learning with gaussian processes},
  author={Levine, Sergey and Popovic, Zoran and Koltun, Vladlen},
  booktitle={Advances in Neural Information Processing Systems},
  pages={19--27},
  year={2011}
}

@inproceedings{ziebart2009planning,
  title={Planning-based prediction for pedestrians},
  author={Ziebart, Brian D and Ratliff, Nathan and Gallagher, Garratt and Mertz, Christoph and Peterson, Kevin and Bagnell, J Andrew and Hebert, Martial and Dey, Anind K and Srinivasa, Siddhartha},
  booktitle={Intelligent Robots and Systems, 2009. IROS 2009. IEEE/RSJ International Conference on},
  pages={3931--3936},
  year={2009},
  organization={IEEE}
}

@inproceedings{aghasadeghi2011maximum,
  title={Maximum entropy inverse reinforcement learning in continuous state spaces with path integrals},
  author={Aghasadeghi, Navid and Bretl, Timothy},
  booktitle={Intelligent Robots and Systems (IROS), 2011 IEEE/RSJ International Conference on},
  pages={1561--1566},
  year={2011},
  organization={IEEE}
}

@inproceedings{ziebart2008maximum,
  title={Maximum Entropy Inverse Reinforcement Learning.},
  author={Ziebart, Brian D and Maas, Andrew L and Bagnell, J Andrew and Dey, Anind K},
  booktitle={AAAI},
  volume={8},
  pages={1433--1438},
  year={2008},
  organization={Chicago, IL, USA}
}

%%%%%%%% DIRL %%%%%%%%


@article{wulfmeier2015maximum,
  title={Maximum entropy deep inverse reinforcement learning},
  author={Wulfmeier, Markus and Ondruska, Peter and Posner, Ingmar},
  journal={arXiv preprint arXiv:1507.04888},
  year={2015}
}

@inproceedings{wulfmeier2016watch,
  title={Watch this: Scalable cost-function learning for path planning in urban environments},
  author={Wulfmeier, Markus and Wang, Dominic Zeng and Posner, Ingmar},
  booktitle={Intelligent Robots and Systems (IROS), 2016 IEEE/RSJ International Conference on},
  pages={2089--2095},
  year={2016},
  organization={IEEE}
}

@article{wulfmeier2016incorporating,
  title={Incorporating Human Domain Knowledge into Large Scale Cost Function Learning},
  author={Wulfmeier, Markus and Rao, Dushyant and Posner, Ingmar},
  booktitle={Workshop in Neural Information Processing Systems},
  year={2016}
}


%%%%%%%% Neg demonstration %%%%%%%%

@inproceedings{lee2016inverse,
  title={Inverse reinforcement learning with leveraged Gaussian processes},
  author={Lee, Kyungjae and Choi, Sungjoon and Oh, Songhwai},
  booktitle={Intelligent Robots and Systems (IROS), 2016 IEEE/RSJ International Conference on},
  pages={3907--3912},
  year={2016},
  organization={IEEE}
}

@inproceedings{pletscher2010entropy,
  title={Entropy and margin maximization for structured output learning},
  author={Pletscher, Patrick and Ong, Cheng Soon and Buhmann, Joachim M},
  booktitle={Joint European Conference on Machine Learning and Knowledge Discovery in Databases},
  pages={83--98},
  year={2010},
  organization={Springer}
}
