
%%%%%%%% Autonomous Driving %%%%%%%%%%%%%%%%%%%
@incollection{usecases_of_AD,
  title={Use Cases for Autonomous Driving},
  author={Wachenfeld, Walther and Winner, Hermann and Gerdes, J Chris and Lenz, Barbara and Maurer, Markus and Beiker, Sven and Fraedrich, Eva and Winkle, Thomas},
  booktitle={Autonomous Driving},
  pages={9--37},
  year={2016},
  publisher={Springer}
}

@article{gal2015dropout,
  title={Dropout as a Bayesian Approximation: Representing Model Uncertainty in Deep Learning},
  author={Gal, Yarin and Ghahramani, Zoubin},
  journal={arXiv preprint arXiv:1506.02142},
  year={2015}
}

@incollection{ondemandsystems,
  title={Autonomous mobility-on-demand systems for future urban mobility},
  author={Pavone, Marco},
  booktitle={Autonomous Driving},
  pages={387--404},
  year={2016},
  publisher={Springer}
}

@incollection{automobilityfuture,
  title={The future of automobility},
  author={Janasz, Tomasz and Schneidewind, Uwe},
  booktitle={Shaping the Digital Enterprise},
  pages={253--285},
  year={2017},
  publisher={Springer}
}

@book{reinventing,
  title={Reinventing the automobile: Personal urban mobility for the 21st century},
  author={Mitchell, William J and Borroni-Bird, Chris E and Burns, Lawrence D},
  year={2010}
}

@incollection{singapore,
  title={Toward a systematic approach to the design and evaluation of automated mobility-on-demand systems: A case study in Singapore},
  author={Spieser, Kevin and Treleaven, Kyle and Zhang, Rick and Frazzoli, Emilio and Morton, Daniel and Pavone, Marco},
  booktitle={Road Vehicle Automation},
  pages={229--245},
  year={2014},
  publisher={Springer}
}

@article{boss,
  title={Autonomous driving in urban environments: Boss and the urban challenge},
  author={Urmson, Chris and Anhalt, Joshua and Bagnell, Drew and Baker, Christopher and Bittner, Robert and Clark, MN and Dolan, John and Duggins, Dave and Galatali, Tugrul and Geyer, Chris and others},
  journal={Journal of Field Robotics},
  volume={25},
  number={8},
  pages={425--466},
  year={2008},
  publisher={Wiley Online Library}
}



%%%%%%%% Multimodal Deep Learning %%%%%%%%%%%%%%%

@inproceedings{languagemultimodal,
  title={Multimodal Neural Language Models.},
  author={Kiros, Ryan and Salakhutdinov, Ruslan and Zemel, Richard S},
  booktitle={international Conference on Machine Learning (ICML)},
  volume={14},
  pages={595--603},
  year={2014}
}

@inproceedings{srivastava2012multimodal,
  title={Multimodal learning with deep boltzmann machines},
  author={Srivastava, Nitish and Salakhutdinov, Ruslan R},
  booktitle={Advances in neural information processing systems},
  pages={2222--2230},
  year={2012}
}

@inproceedings{ngmultimodal,
  title={Multimodal deep learning},
  author={Ngiam, Jiquan and Khosla, Aditya and Kim, Mingyu and Nam, Juhan and Lee, Honglak and Ng, Andrew Y},
  booktitle={Proceedings of the 28th international conference on machine learning (ICML-11)},
  pages={689--696},
  year={2011}
}


%%% End to End Learning %%%%%%%%%%%%%%%%%

@article{levine2016end,
  title={End-to-end training of deep visuomotor policies},
  author={Levine, Sergey and Finn, Chelsea and Darrell, Trevor and Abbeel, Pieter},
  journal={Journal of Machine Learning Research},
  volume={17},
  number={39},
  pages={1--40},
  year={2016}
}




%%% Deep Learning %%%%%%%%%%%%%%%%%%%%%%555

@inproceedings{mnih2013playing,
  title={Playing atari with deep reinforcement learning},
  author={Mnih, Volodymyr and Kavukcuoglu, Koray and Silver, David and Graves, Alex and Antonoglou, Ioannis and Wierstra, Daan and Riedmiller, Martin},
  booktitle={NIPS'13 Workshop on Deep Learning},
  year={2013}
}

@inproceedings{sutton1999policy,
  title={Policy gradient methods for reinforcement learning with function approximation.},
  author={Sutton, Richard S and McAllester, David A and Singh, Satinder P and Mansour, Yishay and others},
  booktitle={NIPS},
  volume={99},
  pages={1057--1063},
  year={1999}
}

@inproceedings{A3C,
  title={Asynchronous methods for deep reinforcement learning},
  author={Mnih, Volodymyr and Badia, Adria Puigdomenech and Mirza, Mehdi and Graves, Alex and Lillicrap, Timothy P and Harley, Tim and Silver, David and Kavukcuoglu, Koray},
  booktitle={International Conference on Machine Learning},
  year={2016}
}

@inproceedings{TRPO,
  title={Trust Region Policy Optimization.},
  author={Schulman, John and Levine, Sergey and Abbeel, Pieter and Jordan, Michael I and Moritz, Philipp},
  booktitle={ICML},
  pages={1889--1897},
  year={2015}
}

@article{2016-TOG-deepRL,
  title={Terrain-Adaptive Locomotion Skills Using Deep Reinforcement Learning},
  author={Xue Bin Peng and Glen Berseth and Michiel van de Panne},
  journal = {ACM Transactions on Graphics (Proc. SIGGRAPH 2016)},
  volume = 35,
  number = 4,
  article = 81,
  year={2016}
}

@inproceedings{graves2013speech,
  title={Speech recognition with deep recurrent neural networks},
  author={Graves, Alex and Mohamed, Abdel-rahman and Hinton, Geoffrey},
  booktitle={Acoustics, speech and signal processing (icassp), 2013 ieee international conference on},
  pages={6645--6649},
  year={2013},
  organization={IEEE}
}

@inproceedings{levine2013guided,
  title={Guided Policy Search.},
  author={Levine, Sergey and Koltun, Vladlen},
  booktitle = {International Conference
              on Machine Learning (ICML)},
  year={2013},
  pages={1--9}
}

@article{amos2016input,
  title={Input Convex Neural Networks},
  author={Brandon Amos and Lei Xu and J. Zico Kolter},
  journal={arXiv preprint arXiv:1609.07152},
  year={2016}
}

@inproceedings{mirowski2017a,
    author = "Mirowski, Piotr and Pascanu, Razvan and Viola, Fabio and Soyer, Hubert and Ballard, Andy and Banino, Andrea and Denil, Misha and Goroshin, Ross and Sifre, Laurent and Kavukcuoglu, Koray and Kumaran, Dharshan and Hadsell, Raia",
    title = {Learning to Navigate in Complex Environments},
    year = "2017",
    booktitle = "International Conference on Learning Representations (ICLR)",
    pdf = "http://openreview.net/forum?id=SJMGPrcle",
    arxiv = "https://arxiv.org/abs/1611.03673"
}

@article{hinton2012deep,
  title={Deep neural networks for acoustic modeling in speech recognition: The shared views of four research groups},
  author={Hinton, Geoffrey and Deng, Li and Yu, Dong and Dahl, George E and Mohamed, Abdel-rahman and Jaitly, Navdeep and Senior, Andrew and Vanhoucke, Vincent and Nguyen, Patrick and Sainath, Tara N and others},
  journal={IEEE Signal Processing Magazine},
  volume={29},
  number={6},
  pages={82--97},
  year={2012},
  publisher={IEEE}
}

@inproceedings{simonyan2014very,
  title={Very deep convolutional networks for large-scale image recognition},
  author={Simonyan, Karen and Zisserman, Andrew},
  booktitle={International Conference on Learning Representations (ICLR)},
  year={2015}
}

@article{simonyan2015deep,
  title={Deep inside convolutional networks: Visualising image classification models and saliency maps},
  author={Simonyan, Karen and Vedaldi, Andrea and Zisserman, Andrew},
  booktitle={International Conference on Learning Representations (ICLR)},
  year={2015}
}

@inproceedings{krizhevsky2012imagenet,
  title={Imagenet classification with deep convolutional neural networks},
  author={Krizhevsky, Alex and Sutskever, Ilya and Hinton, Geoffrey E},
  booktitle={Advances in neural information processing systems},
  pages={1097--1105},
  year={2012}
}

@article{DBLP:journals/corr/AndreasRDK15,
  author    = {Jacob Andreas and
               Marcus Rohrbach and
               Trevor Darrell and
               Dan Klein},
  title     = {Deep Compositional Question Answering with Neural Module Networks},
  journal   = {CoRR},
  volume    = {abs/1511.02799},
  year      = {2015},
  url       = {http://arxiv.org/abs/1511.02799},
  timestamp = {Tue, 01 Dec 2015 19:22:34 +0100},
  biburl    = {http://dblp.uni-trier.de/rec/bib/journals/corr/AndreasRDK15},
  bibsource = {dblp computer science bibliography, http://dblp.org}
}

@inproceedings{DBLP:journals/corr/LillicrapHPHETS15,
  author    = {Timothy P. Lillicrap and
               Jonathan J. Hunt and
               Alexander Pritzel and
               Nicolas Heess and
               Tom Erez and
               Yuval Tassa and
               David Silver and
               Daan Wierstra},
  title     = {Continuous control with deep reinforcement learning},
  booktitle   = {International Conference on Learning Representations (ICLR)},
  year      = {2016},
}

@article{progressive_net,
  title={Progressive neural networks},
  author={Rusu, Andrei A and Rabinowitz, Neil C and Desjardins, Guillaume and Soyer, Hubert and Kirkpatrick, James and Kavukcuoglu, Koray and Pascanu, Razvan and Hadsell, Raia},
  journal={arXiv preprint arXiv:1606.04671},
  year={2016}
}

@article{progressive_net_robot_arm,
  title={Sim-to-real robot learning from pixels with progressive nets},
  author={Rusu, Andrei A and Vecerik, Matej and Roth{\"o}rl, Thomas and Heess, Nicolas and Pascanu, Razvan and Hadsell, Raia},
  journal={arXiv preprint arXiv:1610.04286},
  year={2016}
}

@article{meta_policy,
  title={Composing Meta-Policies for Autonomous Driving Using Hierarchical Deep Reinforcement Learning},
  author={Liaw, Richard and Krishnan, Sanjay and Garg, Animesh and Crankshaw, Daniel and Gonzalez, Joseph E and Goldberg, Ken}
}


@article{wymann2000torcs,
  title={TORCS, the open racing car simulator},
  author={Wymann, Bernhard and Espi{\'e}, E and Guionneau, C and Dimitrakakis, C and Coulom, R and Sumner, A},
  journal={Software available at http://torcs. sourceforge. net},
  year={2000}
}

@article{brockman2016openai,
  title={OpenAI Gym},
  author={Brockman, Greg and Cheung, Vicki and Pettersson, Ludwig and Schneider, Jonas and Schulman, John and Tang, Jie and Zaremba, Wojciech},
  journal={arXiv preprint arXiv:1606.01540},
  year={2016}
}


@inproceedings{dpg,
  title={Deterministic Policy Gradient Algorithms},
  author={Silver, David and Lever, Guy and Heess, Nicolas and Degris, Thomas and Wierstra, Daan and Riedmiller, Martin},
  booktitle={ICML},
  year={2014}
}

@article{mnih2015human,
  title={Human-level control through deep reinforcement learning},
  author={Mnih, Volodymyr and Kavukcuoglu, Koray and Silver, David and Rusu, Andrei A and Veness, Joel and Bellemare, Marc G and Graves, Alex and Riedmiller, Martin and Fidjeland, Andreas K and Ostrovski, Georg and others},
  journal={Nature},
  volume={518},
  number={7540},
  pages={529--533},
  year={2015},
  publisher={Nature Publishing Group}
}

@book{sutton1998reinforcement,
  title={Reinforcement learning: An introduction},
  author={Sutton, Richard S and Barto, Andrew G},
  volume={1},
  number={1},
  year={1998},
  publisher={MIT press Cambridge}
}

@misc{openai,
        Author = {Greg Brockman and Vicki Cheung and Ludwig Pettersson and Jonas Schneider and John Schulman and Jie Tang and Wojciech Zaremba},
        Title = {OpenAI Gym},
        Year = {2016},
        Eprint = {arXiv:1606.01540},
}


@misc{udacity,
    author = {Udacity},
    title = {Udacity's Self-Driving Car Simulator},
    year = {2017},
    publisher = {GitHub},
    journal = {GitHub repository},
    howpublished = {\url{https://github.com/udacity/self-driving-car-sim}},
}

@misc{kerasrl,
    author = {Matthias Plappert},
    title = {keras-rl},
    year = {2016},
    publisher = {GitHub},
    journal = {GitHub repository},
    howpublished = {\url{https://github.com/matthiasplappert/keras-rl}},
}

@inproceedings{CDQN,
  title={Continuous Deep Q-Learning with Model-based Acceleration},
  author={Gu, Shixiang and Lillicrap, Timothy and Sutskever, Ilya and Levine, Sergey},
  booktitle={Proceedings of The 33rd International Conference on Machine Learning},
  pages={2829--2838},
  year={2016}
}

@article{hudda2013self,
  title={Self driving cars},
  author={Hudda, Ratan and Kelly, Clint and Long, Garrett and Luo, Jun and Pandit, Atul and Phillips, Dave and Sheet, Lubab and Sidhu, Ikhlaq},
  year={2013}
}

@article{sadeghi2016cad,
  title={(CAD)2RL: Real Single-Image Flight without a Single Real Image},
  author={Sadeghi, Fereshteh and Levine, Sergey},
  journal={arXiv preprint arXiv:1611.04201},
  year={2016}
}

@article{heess2015memory,
  title={Memory-based control with recurrent neural networks},
  author={Heess, Nicolas and Hunt, Jonathan J and Lillicrap, Timothy P and Silver, David},
  journal={arXiv preprint arXiv:1512.04455},
  year={2015}
}

@article{GymOpenAI,
  title={OpenAI Gym},
  author={Brockman, Greg and Cheung, Vicki and Pettersson, Ludwig and Schneider, Jonas and Schulman, John and Tang, Jie and Zaremba, Wojciech},
  journal={arXiv preprint arXiv:1606.01540},
  year={2016}
}

@article{tensorflow,
  title={Tensorflow: Large-scale machine learning on heterogeneous distributed systems},
  author={Abadi, Mart{\'\i}n and Agarwal, Ashish and Barham, Paul and Brevdo, Eugene and Chen, Zhifeng and Citro, Craig and Corrado, Greg S and Davis, Andy and Dean, Jeffrey and Devin, Matthieu and others},
  journal={arXiv preprint arXiv:1603.04467},
  year={2016}
}

@article{keras,
  title={Keras (2015)},
  author={Chollet, Fran{\c{c}}ois},
  journal={URL http://keras. io}
}


%%%% DL for AD %%%%%%%%%%%%%%%

@misc{deepdrive,
  author = {Craig Quiter},
  title = {DeepDrive: self-driving car AI},
  year = 2016,
  url = {http://deepdrive.io/},
  urldate = {2010-09-30}
}

@inproceedings{langley00,
 author    = {P. Langley},
 title     = {Crafting Papers on Machine Learning},
 year      = {2000},
 pages     = {1207--1216},
 editor    = {Pat Langley},
 booktitle     = {Proceedings of the 17th International Conference
              on Machine Learning (ICML 2000)},
 address   = {Stanford, CA},
 publisher = {Morgan Kaufmann}
}

@misc{BenLau16,
  author = {Lau, Yan-Pan},
  title = {Using Keras and Deep Deterministic Policy Gradient to play TORCS},
  year = {2016},
  publisher = {GitHub},
  journal = {GitHub repository},
  howpublished = {\url{https://yanpanlau.github.io/2016/10/11/Torcs-Keras.html}},
}


%%% done
@inproceedings{ross2011reduction,
  title = {A Reduction of Imitation Learning and Structured Prediction 
  		 to No-Regret Online Learning.},
  author = {Ross, St{\'e}phane and Gordon, Geoffrey J and Bagnell, Drew},
  booktitle = {AISTATS},
  year = {2011},
  volume = {1},
  number = {2},
  pages = {6}
}

@inproceedings{DBLP:journals/corr/GuLGTL16,
  author    = {Shixiang Gu and
               Timothy P. Lillicrap and
               Zoubin Ghahramani and
               Richard E. Turner and
               Sergey Levine},
  title     = {Q-Prop: Sample-Efficient Policy Gradient with An Off-Policy Critic},
  booktitle   = {International Conference on Learning Representations (ICLR)},
  year      = {2017},
}

@misc{GymTORCS,
  author = {Yoshida, Naoto},
  title = {Gym-TORCS},
  year = {2016},
  publisher = {GitHub},
  journal = {GitHub repository},
  howpublished = {\url{https://github.com/ugo-nama-kun/gym_torcs}},
}

@article{uhlenbeck1930theory,
  title={On the theory of the Brownian motion},
  author={Uhlenbeck, George E and Ornstein, Leonard S},
  journal={Physical review},
  volume={36},
  number={5},
  pages={823},
  year={1930},
  publisher={APS}
}

@inproceedings{deepdriving,
  title={Deepdriving: Learning Affordance for Direct Perception in Autonomous Driving},
  author={Chen, Chenyi and Seff, Ari and Kornhauser, Alain and Xiao, Jianxiong},
  booktitle={Proceedings of the IEEE International Conference on Computer Vision},
  pages={2722--2730},
  year={2015}
}

@article{nvidiacar,
  title={End to End Learning for Self-Driving Cars},
  author={Bojarski, Mariusz and Del Testa, Davide and Dworakowski, Daniel and Firner, Bernhard and Flepp, Beat and Goyal, Prasoon and Jackel, Lawrence D and Monfort, Mathew and Muller, Urs and Zhang, Jiakai and others},
  journal={arXiv preprint arXiv:1604.07316},
  year={2016}
}

@article{commaai,
  title={Learning a driving simulator},
  author={Santana, Eder and Hotz, George},
  journal={arXiv preprint arXiv:1608.01230},
  year={2016}
}

@inproceedings{endtoendcars,
  title={End-to-end Learning of Driving Models from Large-scale Video Datasets},
  author={Xu, Huazhe and Gao, Yang and Yu, Fisher and Darrell, Trevor},
  booktitle={Proceedings of the IEEE Conference on Computer Vision and Pattern Recognition},
  year={2017}
}


%%%% Sensor Fusion %%%%%%%%%%%%%%
 
@article{multimodaltartan,
  title={Tartan racing: A multi-modal approach to the darpa urban challenge},
  author={Urmson, Chris and Bagnell, J Andrew and Baker, Christopher R and Hebert, Martial and Kelly, Alonzo and Rajkumar, Raj and Rybski, Paul E and Scherer, Sebastian and Simmons, Reid and Singh, Sanjiv and others},
  year={2007}
}

@inproceedings{qureshi2016robot,
  title={Robot gains social intelligence through multimodal deep reinforcement learning},
  author={Qureshi, Ahmed Hussain and Nakamura, Yutaka and Yoshikawa, Yuichiro and Ishiguro, Hiroshi},
  booktitle={Humanoid Robots (Humanoids), 2016 IEEE-RAS 16th International Conference on},
  pages={745--751},
  year={2016},
  organization={IEEE}
}


@inproceedings{elfring2016multisensor,
  title={Multisensor simultaneous vehicle tracking and shape estimation},
  author={Elfring, Jos and Appeldoorn, Rein and Kwakkernaat, Maurice},
  booktitle={Intelligent Vehicles Symposium (IV), 2016 IEEE},
  pages={630--635},
  year={2016},
  organization={IEEE}
}


@inproceedings{cho2014multi,
  title={A Multi-Sensor Fusion System for Moving Object Detection and Tracking in Urban Driving Environments},
  author={Cho, Hyunggi and Seo, Young-Woo and Kumar, BVK Vijaya and Rajkumar, Ragunathan Raj},
  booktitle={Robotics and Automation (ICRA), 2014 IEEE International Conference on},
  pages={1836--1843},
  year={2014},
  organization={IEEE}
}


@inproceedings{darms2008classification,
  title={Classification and tracking of dynamic objects with multiple sensors for autonomous driving in urban environments},
  author={Darms, Michael and Rybski, Paul and Urmson, Chris},
  booktitle={Intelligent Vehicles Symposium, 2008 IEEE},
  pages={1197--1202},
  year={2008},
  organization={IEEE}
}



%%%% Selective Dropout %%%%%%%%%%%%%%%%%

@article{moddrop,
  title={Moddrop: adaptive multi-modal gesture recognition},
  author={Neverova, Natalia and Wolf, Christian and Taylor, Graham and Nebout, Florian},
  journal={IEEE Transactions on Pattern Analysis and Machine Intelligence},
  volume={38},
  number={8},
  pages={1692--1706},
  year={2016},
  publisher={IEEE}
}

@article{modout,
  title={Modout: Learning to Fuse Modalities via Stochastic Regularization},
  author={Li, Fan and Neverova, Natalia and Wolf, Christian and Taylor, Graham},
  journal={Journal of Computational Vision and Imaging Systems},
  volume={2},
  number={1},
  year={2016}
}

@article{zoneout,
  title={Zoneout: Regularizing rnns by randomly preserving hidden activations},
  author={Krueger, David and Maharaj, Tegan and Kram{\'a}r, J{\'a}nos and Pezeshki, Mohammad and Ballas, Nicolas and Ke, Nan Rosemary and Goyal, Anirudh and Bengio, Yoshua and Larochelle, Hugo and Courville, Aaron and others},
  journal={arXiv preprint arXiv:1606.01305},
  year={2016}
}

@inproceedings{blockout,
  title={Blockout: Dynamic model selection for hierarchical deep networks},
  author={Murdock, Calvin and Li, Zhen and Zhou, Howard and Duerig, Tom},
  booktitle={Proceedings of the IEEE Conference on Computer Vision and Pattern Recognition},
  pages={2583--2591},
  year={2016}
}

@article{stochasticdrop,
  title={Stochastic Dropout: Activation-level Dropout to Learn Better Neural Language Models},
  author={Nie, Allen}
}

@inproceedings{dropconnect,
  title={Regularization of neural networks using dropconnect},
  author={Wan, Li and Zeiler, Matthew and Zhang, Sixin and Cun, Yann L and Fergus, Rob},
  booktitle={Proceedings of the 30th International Conference on Machine Learning (ICML-13)},
  pages={1058--1066},
  year={2013}
}


%% pages={}, TODO
@inproceedings{wang2015dueling,
  title={Dueling network architectures for deep reinforcement learning},
  author={Wang, Ziyu and Schaul, Tom and Hessel, Matteo and van Hasselt, Hado and Lanctot, Marc and de Freitas, Nando},
  booktitle={Proceedings of the 33th International Conference on Machine Learning (ICML-16)},
  year={2016}
}

@article{dropoutbayes,
  title={Dropout as a Bayesian approximation: Representing model uncertainty in deep learning},
  author={Gal, Yarin and Ghahramani, Zoubin},
  journal={arXiv preprint arXiv:1506.02142},
  volume={2},
  year={2015}
}

@article{dropout,
  title={Dropout: a simple way to prevent neural networks from overfitting.},
  author={Srivastava, Nitish and Hinton, Geoffrey E and Krizhevsky, Alex and Sutskever, Ilya and Salakhutdinov, Ruslan},
  journal={Journal of Machine Learning Research},
  volume={15},
  number={1},
  pages={1929--1958},
  year={2014}
}