
%%%%%%%%% DRL Meta Policy %%%%%%%%%%%

@inproceedings{rich2017hdrl,
  title={Composing Meta-Policies for Autonomous Driving Using Hierarchical Deep Reinforcement Learning},
  author={Richard Liaw, Sanjay Krishnan, Animesh Garg, Daniel Crankshaw,Joseph E. Gonzalez,Ken Goldberg},
  booktitle={Robotics and Automation (ICRA), 2017 IEEE International Conference on},
  year={2017},
  organization={IEEE}
}

@article{DBLP:journals/corr/AndreasKL16,
  author    = {Jacob Andreas and
               Dan Klein and
               Sergey Levine},
  title     = {Modular Multitask Reinforcement Learning with Policy Sketches},
  journal   = {CoRR},
  volume    = {abs/1611.01796},
  year      = {2016},
  url       = {http://arxiv.org/abs/1611.01796},
  timestamp = {Thu, 01 Dec 2016 19:32:08 +0100},
  biburl    = {http://dblp.uni-trier.de/rec/bib/journals/corr/AndreasKL16},
  bibsource = {dblp computer science bibliography, http://dblp.org}
}

%%%%%%%%% Others %%%%%%%%%%%
@inproceedings{tamar2016value,
  title={Value iteration networks},
  author={Tamar, Aviv and Wu, Yi and Thomas, Garrett and Levine, Sergey and Abbeel, Pieter},
  booktitle={Advances in Neural Information Processing Systems},
  pages={2154--2162},
  year={2016}
}