
%%%%%%%% Off-road ground vehicle motion planning %%%%%%%

@article{bagnell2010learning,
  title={Learning for autonomous navigation},
  author={Bagnell, James Andrew and Bradley, David and Silver, David and Sofman, Boris and Stentz, Anthony},
  journal={IEEE Robotics \& Automation Magazine},
  volume={17},
  number={2},
  pages={74--84},
  year={2010},
  publisher={IEEE}
}

@article{wettergreen2012developing,
  title={Developing a framework for reliable autonomous surface mobility},
  author={Wettergreen, David and Wagner, Michael},
  year={2012}
}

@article{chu2012local,
  title={Local path planning for off-road autonomous driving with avoidance of static obstacles},
  author={Chu, Keonyup and Lee, Minchae and Sunwoo, Myoungho},
  journal={IEEE Transactions on Intelligent Transportation Systems},
  volume={13},
  number={4},
  pages={1599--1616},
  year={2012},
  publisher={IEEE}
}

@article{stentz2007crusher,
  title={The crusher system for autonomous navigation},
  author={Stentz, Anthony and Bares, John and Pilarski, Thomas and Stager, David},
  journal={AUVSIs Unmanned Systems North America},
  volume={3},
  year={2007}
}

@article{kelly2006toward,
  title={Toward reliable off road autonomous vehicles operating in challenging environments},
  author={Kelly, Alonzo and Stentz, Anthony and Amidi, Omead and Bode, Mike and Bradley, David and Diaz-Calderon, Antonio and Happold, Mike and Herman, Herman and Mandelbaum, Robert and Pilarski, Tom and others},
  journal={The International Journal of Robotics Research},
  volume={25},
  number={5-6},
  pages={449--483},
  year={2006},
  publisher={SAGE Publications}
}

@inproceedings{ishigami2011path,
  title={Path planning and evaluation for planetary rovers based on dynamic mobility index},
  author={Ishigami, Genya and Nagatani, Keiji and Yoshida, Kazuya},
  booktitle={Intelligent Robots and Systems (IROS), 2011 IEEE/RSJ International Conference on},
  pages={601--606},
  year={2011},
  organization={IEEE}
}

%%%%%%%% RRT %%%%%%%%%%

@inproceedings{hwan2011anytime,
  title={Anytime computation of time-optimal off-road vehicle maneuvers using the RRT},
  author={hwan Jeon, Jeong and Karaman, Sertac and Frazzoli, Emilio},
  booktitle={Decision and Control and European Control Conference (CDC-ECC), 2011 50th IEEE Conference on},
  pages={3276--3282},
  year={2011},
  organization={IEEE}
}

@inproceedings{ferguson2006replanning,
  title={Replanning with rrts},
  author={Ferguson, Dave and Kalra, Nidhi and Stentz, Anthony},
  booktitle={Robotics and Automation, 2006. ICRA 2006. Proceedings 2006 IEEE International Conference on},
  pages={1243--1248},
  year={2006},
  organization={IEEE}
}

%%%%%%%%%% Aggressive driving, Drifting %%%%%%%%%%

@inproceedings{cutler2016autonomous,
  title={Autonomous drifting using simulation-aided reinforcement learning},
  author={Cutler, Mark and How, Jonathan P},
  booktitle={Robotics and Automation (ICRA), 2016 IEEE International Conference on},
  pages={5442--5448},
  year={2016},
  organization={IEEE}
}

@inproceedings{williams2016aggressive,
  title={Aggressive driving with model predictive path integral control},
  author={Williams, Grady and Drews, Paul and Goldfain, Brian and Rehg, James M and Theodorou, Evangelos A},
  booktitle={Robotics and Automation (ICRA), 2016 IEEE International Conference on},
  pages={1433--1440},
  year={2016},
  organization={IEEE}
}

@inproceedings{gray2012predictive,
  title={Predictive control for agile semi-autonomous ground vehicles using motion primitives},
  author={Gray, Andrew and Gao, Yiqi and Lin, Theresa and Hedrick, J Karl and Tseng, H Eric and Borrelli, Francesco},
  booktitle={American Control Conference (ACC), 2012},
  pages={4239--4244},
  year={2012},
  organization={IEEE}
}

@inproceedings{cutler2015efficient,
  title={Efficient reinforcement learning for robots using informative simulated priors},
  author={Cutler, Mark and How, Jonathan P},
  booktitle={Robotics and Automation (ICRA), 2015 IEEE International Conference on},
  pages={2605--2612},
  year={2015},
  organization={IEEE}
}

@inproceedings{cutler2014reinforcement,
  title={Reinforcement learning with multi-fidelity simulators},
  author={Cutler, Mark and Walsh, Thomas J and How, Jonathan P},
  booktitle={Robotics and Automation (ICRA), 2014 IEEE International Conference on},
  pages={3888--3895},
  year={2014},
  organization={IEEE}
}

@inproceedings{kolter2010probabilistic,
  title={A probabilistic approach to mixed open-loop and closed-loop control, with application to extreme autonomous driving},
  author={Kolter, J Zico and Plagemann, Christian and Jackson, David T and Ng, Andrew Y and Thrun, Sebastian},
  booktitle={Robotics and Automation (ICRA), 2010 IEEE International Conference on},
  pages={839--845},
  year={2010},
  organization={IEEE}
}

%%%%%%%%%% other graph-based planner %%%%%%%%%%%

@incollection{ferguson2007field,
  title={Field D*: An interpolation-based path planner and replanner},
  author={Ferguson, Dave and Stentz, Anthony},
  booktitle={Robotics research},
  pages={239--253},
  year={2007},
  publisher={Springer}
}

@inproceedings{koenig2002improved,
  title={Improved fast replanning for robot navigation in unknown terrain},
  author={Koenig, Sven and Likhachev, Maxim},
  booktitle={Robotics and Automation, 2002. Proceedings. ICRA'02. IEEE International Conference on},
  volume={1},
  pages={968--975},
  year={2002},
  organization={IEEE}
}